@Book{xie2015,
  title = {Dynamic Documents with {R} and knitr},
  author = {Yihui Xie},
  publisher = {Chapman and Hall/CRC},
  address = {Boca Raton, Florida},
  year = {2015},
  edition = {2nd},
  note = {ISBN 978-1498716963},
  url = {http://yihui.name/knitr/},
}

@book{blitzstein2019,
  added-at = {2019-03-01T20:01:29.000+0100},
  author = {K. Blitzstein, Joseph and Hwang, Jessica},
  biburl = {https://www.bibsonomy.org/bibtex/2a0db51c5ff40b82274771f51c3f0fd33/kirk86},
  interhash = {2aabe763a6d34db45e6ccacd908e6fba},
  intrahash = {a0db51c5ff40b82274771f51c3f0fd33},
  keywords = {book probability},
  timestamp = {2019-03-01T20:02:55.000+0100},
  title = {Introduction to Probability Second Edition},
  url = {https://drive.google.com/file/d/1VmkAAGOYCTORq1wxSQqy255qLJjTNvBI/view},
  year = 2019
}
